@misc{stddev,
  author = {{Matlab Tricks}},
  title = {{Calculate standard deviation using minimal memory}},
  year = 2013,
  howpublished = {\url{http://matlabtricks.com/post-19/calculating-standard-deviation-using-minimal-memory}}
}

@misc{crosscor,
  author = {{Wikipedia}},
  title = {{Normalized cross-correlation}},
  year = 2017,
  howpublished = {\url{https://en.wikipedia.org/wiki/Cross-correlation#Normalized_cross-correlation}}
}

@article{viola2004robust,
  title={Robust real-time face detection},
  author={Viola, Paul and Jones, Michael J},
  journal={International journal of computer vision},
  volume={57},
  number={2},
  pages={137--154},
  year={2004},
  publisher={Springer}
}